03300000        2020716660000180039900000618799                         INSAT COMERCIO E SERVICOS DE S               BANCO SANTANDER          102122020      000005040                                                                          
03300051R01  030 2020716660000180                    039900000618799     INSAT COMERCIO E SERVICOS DE S                                                                                0000000502122020                                         
0330005300001P 010399901300465170130046517  0000400000024511  0000000000000401711202000000000000790000000 04N171120202171120200000000000000020000000000000000000000000000000000000000000000000000000000000000000000400000024300300000           
0330005300002Q 011000011391074882Nilton Joao de Almeidas                 Rua Itajuibe 540                        Itaim Paulista 08120470Sao Paulo000000SP0000000000000000                                        000000000000                   
0330000300003R 02302122020000000000000000                        218112020000003300000000                                                                                                                                                       
0330005300004P 010399901300465170130046517  0000410000035511  0000000000000411711202000000000000690000000 04N171120202171120200000000000000020000000000000000000000000000000000000000000000000000000000000000000000410000035300300000           
0330005300005Q 011000014249475883Marcelo Geraldo B Leite                 Avenida Joao 23 960                     Vila Formosa   03361000Sao Paulo000000SP0000000000000000                                        000000000000                   
0330000300006R 02302122020000000000000000                        218112020000003300000000                                                                                                                                                       
0330005300007P 010399901300465170130046517  0000420000011511  0000000000000421711202000000000000690000000 04N171120202171120200000000000000020000000000000000000000000000000000000000000000000000000000000000000000420000011300300000           
0330005300008Q 011000019857610846Marcio Leite                            Rua Itajuibe 540                        Itaim Paulista 08120470Sao Paulo000000SP0000000000000000                                        000000000000                   
0330000300009R 02302122020000000000000000                        218112020000003300000000                                                                                                                                                       
03300055         000011                                                                                                                                                                                                                         
03399999         000001000013                                                                                                                                                                                                                   